
@article{heckman1979,
	title = {Sample Selection Bias as a Specification Error},
	author = {Heckman, James J.},
	year = {1979},
	month = {01},
	date = {1979-01},
	journal = {Econometrica},
	pages = {153},
	volume = {47},
	number = {1},
	doi = {10.2307/1912352},
	url = {http://dx.doi.org/10.2307/1912352}
}

@article{aguiar2013,
	title = {Time Use during the Great Recession},
	author = {Aguiar, Mark and Hurst, Erik and Karabarbounis, Loukas},
	year = {2013},
	month = {08},
	date = {2013-08},
	journal = {American Economic Review},
	pages = {1664--96},
	volume = {103},
	number = {5},
	doi = {10.1257/aer.103.5.1664},
	url = {https://www.aeaweb.org/articles/pdf/doi/10.1257/aer.103.5.1664},
	langid = {en}
}
